@ARTICLE{goyal:datainfluence,
	AUTHOR = "Amit Goyal, Francesco Bonch & Laks V. S. Lakshmanan",
	TITLE = "A Data-Based Approach to Social Influence Maximization",
	JOURNAL = "Proceedings of the VLDB Endowment",
	VOLUME = {5},
	NUMBER = {1},
	PAGES = {73-84},
	MONTH = "September",
	YEAR = {2011}	}

@INPROCEEDINGS{kempe:maxspread,
	AUTHOR = "David Kempe, Jon Kleinberg & Eva Tardos",
	TITLE = "Maximizing the spread of influence through a social network",
	SERIES = {KDD '03},
	BOOKTITLE = "Proceedings of the ninth ACM SIGKDD international conference on Knowledge discovery and data mining",
	ADDRESS = {Washington, D.C},
	PAGES = {137-147},
	MONTH = "August",
	PUBLISHER = {AMC},
	YEAR = {2003}	}

@INPROCEEDINGS{singer:winfriends,
	AUTHOR = "Yaron Singer",
	TITLE = "How to win friends and influence people, truthfully: influence maximization mechanisms for social networks",
	SERIES = {WSDM '12},
	BOOKTITLE = "Proceedings of the fifth ACM international conference on Web search and data mining",
	ADDRESS = {Seattle, Washington, USA},
	PAGES = {733-742},
	MONTH = "February 08 - 12",
	PUBLISHER = {AMC},
	YEAR = {2012}	}

@article{DBLP:journals/corr/HeK16,
  author    = {Xinran He and
               David Kempe},
  title     = {Robust Influence Maximization},
  journal   = {CoRR},
  volume    = {abs/1602.05240},
  year      = {2016},
  url       = {http://arxiv.org/abs/1602.05240},
  archivePrefix = {arXiv},
  eprint    = {1602.05240},
  timestamp = {Wed, 07 Jun 2017 14:40:20 +0200},
  biburl    = {http://dblp.org/rec/bib/journals/corr/HeK16},
  bibsource = {dblp computer science bibliography, http://dblp.org}
}

@article{DBLP:journals/corr/abs-1202-3162,
  author    = {Kristina Lerman and
               Rumi Ghosh and
               Tawan Surachawala},
  title     = {Social Contagion: An Empirical Study of Information Spread on Digg
               and Twitter Follower Graphs},
  journal   = {CoRR},
  volume    = {abs/1202.3162},
  year      = {2012},
  url       = {http://arxiv.org/abs/1202.3162},
  archivePrefix = {arXiv},
  eprint    = {1202.3162},
  timestamp = {Wed, 07 Jun 2017 14:40:07 +0200},
  biburl    = {http://dblp.org/rec/bib/journals/corr/abs-1202-3162},
  bibsource = {dblp computer science bibliography, http://dblp.org}
}

@MISC{konect:2017:flickr-growth,
    title = {Flickr network dataset -- {KONECT}},
    month = apr,
    year = {2017},
    url = {http://konect.uni-koblenz.de/networks/flickr-growth}
}

@inproceedings{b494,
	title = {Growth of the {Flickr} Social Network},
	author = {Alan Mislove and Hema Swetha Koppula and Krishna
                  P. Gummadi and Peter Druschel and Bobby
                  Bhattacharjee},
	booktitle = {Proc. Workshop on Online Social Networks},
	year = {2008},
	pages = {25--30},
	notes = {
#: The wosn datasets ( Flickr Links (147MB) YouTube (directed) Links (210MB) YouTube (undirected) Links (920MB) Internet Links (546KB) Wikipedia Links (271MB)), from http://socialnetworks.mpi-sws.org/data-wosn2008.html
	},
}

@MISC{data:digg-friends,
    title = {Digg friends network dataset -- {KONECT}},
    month = apr,
    year = {2017},
    url = {http://konect.uni-koblenz.de/networks/digg-friends}
}

@MISC{data:digg-votes,
    title = {Digg votes network dataset -- {KONECT}},
    month = apr,
    year = {2017},
    url = {http://konect.uni-koblenz.de/networks/digg-votes}
}

@article{data:digg,
	author = {Hogg, T. and Lerman, K.},
	year = {2012},
	title = {Social Dynamics of {Digg}},
	journal = {EPJ Data Science},
	volume = {1},
	number = {5},
}

@MISC{data:flixster,
    title = {Flixster network dataset -- {KONECT}},
    month = apr,
    year = {2017},
    url = {http://konect.uni-koblenz.de/networks/flixster}
}

@misc{data:flixsterpaper,
	author = {R. Zafarani and H. Liu},
	year = {2009},
	title = {Social Computing Data Repository at {ASU}},
	url = {http://socialcomputing.asu.edu},
	institution = {Arizona State University, School of Computing,
                  Informatics and Decision Systems Engineering},
}


@article{data:twitter,
	Author = {Hodas, Nathan O. and Lerman, Kristina},
	Date = {2014/03/11/online},
	Date-Added = {2017-12-11 20:12:14 +0000},
	Date-Modified = {2017-12-11 20:12:14 +0000},
	Day = {11},
	Journal = {Scientific Reports},
	L3 = {10.1038/srep04343; https://www.nature.com/articles/srep04343#supplementary-information},
	M3 = {Article},
	Month = {03},
	Pages = {4343 EP  -},
	Publisher = {The Author(s) SN  -},
	Title = {The Simple Rules of Social Contagion},
	Ty = {JOUR},
	Url = {http://dx.doi.org/10.1038/srep04343},
	Volume = {4},
	Year = {2014},
	Bdsk-Url-1 = {http://dx.doi.org/10.1038/srep04343}
}


@inproceedings{data:flickr,
	  author = {Meeyoung Cha and Alan Mislove and Krishna P. Gummadi},
	  title = {{A Measurement-driven Analysis of Information Propagation in the Flickr Social Network}},
	  booktitle = {In Proceedings of the 18th International World Wide Web Conference (WWW'09)},
	  month = {April},
	  year = {2009},
	  address = {Madrid, Spain}
}

##################
# Examples below #

@ARTICLE{bowman:reasoning,
	AUTHOR = "Mic Bowman and Saumya K. Debray and Larry L. Peterson",
	TITLE = "Reasoning About Naming Systems",
	JOURNAL = "ACM Trans. Program. Lang. Syst.",
	VOLUME = {15},
	NUMBER = {5},
	PAGES = {795-825},
	MONTH = "November",
	YEAR = {1993}	}

@ARTICLE{braams:babel,
	AUTHOR = "Johannes Braams",
	TITLE = "Babel, a Multilingual Style-Option System for Use with LaTeX's Standard Document Styles",
	JOURNAL = {TUGboat},
	VOLUME = {12},
	NUMBER = {2},
	PAGES = {291-301},
	MONTH = "June",
	YEAR = {1991}	}

@INPROCEEDINGS{clark:pct,
	AUTHOR = "Malcolm Clark",
	TITLE = "Post Congress Tristesse",
	BOOKTITLE = "TeX90 Conference Proceedings",
	PAGES = "84-89",
	ORGANIZATION = "TeX Users Group",
	MONTH = "March",
	YEAR = {1991}	}

@ARTICLE{herlihy:methodology,
	AUTHOR = "Maurice Herlihy",
	TITLE = "A Methodology for Implementing Highly Concurrent
	Data Objects",
	JOURNAL = {ACM Trans. Program. Lang. Syst.},
	VOLUME = {15},
	NUMBER = {5},
	PAGES = {745-770},
	MONTH = "November",
	YEAR = {1993}	}

@BOOK{Lamport:LaTeX,
	AUTHOR = "Leslie Lamport",
	TITLE = "LaTeX User's Guide and Document Reference Manual",
	PUBLISHER = "Addison-Wesley Publishing Company",
	ADDRESS = "Reading, Massachusetts",
	YEAR = "1986"	}

@BOOK{salas:calculus,
	AUTHOR = "S.L. Salas and Einar Hille",
	TITLE = "Calculus: One and Several Variable",
	PUBLISHER = "John Wiley and Sons",
	ADDRESS = "New York",
	YEAR = "1978"	}
